%
% BibTex Database
% ===========================================================================
% This is part of the document "Project documentation template".
% Authors: brd3
%

@misc{HowToImp2:online,
author = {},
title = {How To Improve Posture With Upright - Fix Bad Posture Fast!},
howpublished = {\url{https://www.uprightpose.com/how-it-works/}},
month = {},
year = {},
note = {(Accessed on 05/12/2019)}
}

@misc{BlogofWe42:online,
author = {},
title = {Blog of Wei-Hsiung Huang: ESP32 - Working with SD Card},
howpublished = {\url{http://wei48221.blogspot.com/2018/11/esp32-working-with-sd-card.html}},
month = {},
year = {},
note = {(Accessed on 06/11/2019)}
}

@misc{TDKAttra32:online,
author = {},
title = {TDK | Attracting Tomorrow},
howpublished = {\url{https://www.invensense.com/}},
month = {},
year = {},
note = {(Accessed on 06/11/2019)}
}

@misc{DS1307RT51:online,
author = {},
title = {DS1307RTC/DS1307RTC.cpp at master PaulStoffregen/DS1307RTC GitHub},
howpublished = {\url{https://github.com/PaulStoffregen/DS1307RTC/blob/master/DS1307RTC.cpp}},
month = {},
year = {},
note = {(Accessed on 06/11/2019)}
}

@misc{MPU6000D59:online,
author = {},
title = {MPU-6000-Datasheet1.pdf},
howpublished = {\url{https://43zrtwysvxb2gf29r5o0athu-wpengine.netdna-ssl.com/wp-content/uploads/2015/02/MPU-6000-Datasheet1.pdf}},
month = {},
year = {},
note = {(Accessed on 12/24/2019)}
}

@misc{TheGNUGe7:online,
author = {},
title = {The GNU General Public License v3.0 - GNU Project - Free Software Foundation},
howpublished = {\url{https://www.gnu.org/licenses/gpl-3.0.en.html}},
month = {},
year = {},
note = {(Accessed on 01/14/2020)}
}

@misc{GF3RGabr46:online,
author = {},
title = {GF3R (Gabriel Frischknecht)},
howpublished = {\url{https://github.com/GF3R/}},
month = {},
year = {},
note = {(Accessed on 01/15/2020)}
}

@misc{TheMITLi73:online,
author = {},
title = {The MIT License | Open Source Initiative},
howpublished = {\url{https://opensource.org/licenses/MIT}},
month = {},
year = {},
note = {(Accessed on 01/14/2020)}
}

@misc{GNUGener97:online,
author = {},
title = {GNU General Public License v3.0 | Choose a License},
howpublished = {\url{https://choosealicense.com/licenses/gpl-3.0/}},
month = {},
year = {},
note = {(Accessed on 01/14/2020)}
}

@misc{ModernAn18:online,
author = {},
title = {Modern Analytic Apps for the Enterprise - Plotly},
howpublished = {\url{https://plot.ly/}},
month = {},
year = {},
note = {(Accessed on 12/30/2019)}
}

@misc{GNUGener3:online,
author = {},
title = {GNU General Public License version 3 | Open Source Initiative},
howpublished = {\url{https://opensource.org/licenses/GPL-3.0}},
month = {},
year = {},
note = {(Accessed on 01/14/2020)}
}

@misc{SitUpSt77:online,
author = {},
title = {"Sit Up Straight": Time to Re-evaluate | Journal of Orthopaedic \& Sports Physical Therapy},
howpublished = {\url{https://www.jospt.org/doi/full/10.2519/jospt.2019.0610}},
month = {},
year = {},
note = {(Accessed on 12/30/2019)}
}
@misc{SwayStar47:online,
author = {},
title = {SwayStar Balance International Innovations GmbH::Home},
howpublished = {\url{https://www.b2i.info/web/index.htm}},
month = {},
year = {},
note = {(Accessed on 01/02/2020)}
}

@misc{sming:book,
author = {Daniel Meer},
title = {TXW51 Sensor Node},
howpublished = {book},
month = {3},
year = {2015},
note = {}
}

@misc{javaHowd16:online,
author = {},
title = {java - How do I calculate the difference of two angle measures? - Stack Overflow},
howpublished = {\url{https://stackoverflow.com/questions/7570808/how-do-i-calculate-the-difference-of-two-angle-measures/30887154}},
month = {},
year = {},
note = {(Accessed on 01/02/2020)}
}

@misc{Measurin4:online,
author = {},
title = {Measuring Publish-Subscribe latency of MQTT | IOTIFY},
howpublished = {\url{https://iotify.help/network/latency/mqtt.html}},
month = {},
year = {},
note = {(Accessed on 01/03/2020)}
}

@misc{ArduinoW76:online,
author = {},
title = {Arduino - Wire},
howpublished = {\url{https://www.arduino.cc/en/reference/wire}},
month = {},
year = {},
note = {(Accessed on 01/10/2020)}
}

@misc{knollear26:online,
author = {},
title = {knolleary/pubsubclient: A client library for the Arduino Ethernet Shield that provides support for MQTT.},
howpublished = {\url{https://github.com/knolleary/pubsubclient}},
month = {},
year = {},
note = {(Accessed on 01/10/2020)}
}

@misc{arduinoi4:online,
author = {},
title = {arduino ide - Multiple client server over wifi - Arduino Stack Exchange},
howpublished = {\url{https://arduino.stackexchange.com/questions/31256/multiple-client-server-over-wifi}},
month = {},
year = {},
note = {(Accessed on 01/12/2020)}
}

@misc{ESP32Ser71:online,
author = {},
title = {ESP32 Server and Many ESP8266 Clients Controlled Over WiFi - Hackster.io},
howpublished = {\url{https://www.hackster.io/ben-dixon/esp32-server-and-many-esp8266-clients-controlled-over-wifi-5aa51a}},
month = {},
year = {},
note = {(Accessed on 01/12/2020)}
}

@misc{Gyroscop33:online,
author = {},
title = {Gyroscopes: What They Are, How They Work and Why They Are Important},
howpublished = {\url{https://interestingengineering.com/gyroscopes-what-they-are-how-they-work-and-why-they-are-important}},
month = {},
year = {},
note = {(Accessed on 01/12/2020)}
}

@misc{ESP32Ove27:online,
author = {},
title = {ESP32 Overview | Espressif Systems},
howpublished = {\url{https://www.espressif.com/en/products/hardware/esp32/overview}},
month = {},
year = {},
note = {(Accessed on 01/12/2020)}
}

@misc{Realtime16:online,
author = {},
title = {Real-time clock - Wikipedia},
howpublished = {\url{https://en.wikipedia.org/wiki/Real-time_clock}},
month = {},
year = {},
note = {(Accessed on 01/12/2020)}
}

@misc{MPU6050T29:online,
author = {},
title = {MPU-6050 | TDK},
howpublished = {\url{https://www.invensense.com/products/motion-tracking/6-axis/mpu-6050/}},
month = {},
year = {},
note = {(Accessed on 01/12/2020)}
}

@misc{MQTT46:online,
author = {},
title = {MQTT},
howpublished = {\url{http://mqtt.org/}},
month = {},
year = {},
note = {(Accessed on 01/12/2020)}
}

@misc{JSON31:online,
author = {},
title = {JSON},
howpublished = {\url{https://www.json.org/json-en.html}},
month = {},
year = {},
note = {(Accessed on 01/12/2020)}
}

@misc{Protocol99:online,
author = {},
title = {Protocol Buffers | Google Developers},
howpublished = {\url{https://developers.google.com/protocol-buffers}},
month = {},
year = {},
note = {(Accessed on 01/12/2020)}
}

@misc{ASPNETMV81:online,
author = {},
title = {ASP.NET MVC Pattern | .NET},
howpublished = {\url{https://dotnet.microsoft.com/apps/aspnet/mvc}},
month = {},
year = {},
note = {(Accessed on 01/12/2020)}
}

@misc{PowerBIM60:online,
author = {},
title = {Power BI | Microsoft Power Platform},
howpublished = {\url{https://powerbi.microsoft.com/en-us/}},
month = {},
year = {},
note = {(Accessed on 01/12/2020)}
}

@misc{Welcomet27:online,
author = {},
title = {Welcome to Python.org},
howpublished = {\url{https://www.python.org/}},
month = {},
year = {},
note = {(Accessed on 01/12/2020)}
}

@misc{backpain00:study,
author = {Maurits van tulder PhD(Senior Investigator), BartKoesPhD(Professor), Claire Bombardier MD PhD(Professor)},
title = {Low back pain},
howpublished = {study},
month = {},
year = {2002},
note = {}
}

@misc{sitting00:study,
author = {Angela Maria Lis, Katia M, BlackHayley Korn, Margareta Nordin},
title = {Association between sitting and occupational LBP},
howpublished = {study},
month = {05},
year = {2006},
note = {}
}

@misc{22Dissec90:online,
author = {},
title = {2.2 Dissecting a Network Packet},
howpublished = {\url{http://books.msspace.net/mirrorbooks/snortids/0596006616/snortids-CHP-2-SECT-2.html}},
month = {},
year = {},
note = {(Accessed on 01/14/2020)}
}

@misc{MathsQua11:online,
author = {},
title = {Maths - Quaternions - Martin Baker},
howpublished = {\url{https://www.euclideanspace.com/maths/algebra/realNormedAlgebra/quaternions/}},
month = {},
year = {},
note = {(Accessed on 01/13/2020)}
}

@misc{MPU9250M94:online,
author = {},
title = {MPU9250/MPU9250.h at master Â· hideakitai/MPU9250},
howpublished = {\url{https://github.com/hideakitai/MPU9250/blob/master/MPU9250.h}},
month = {},
year = {},
note = {(Accessed on 01/13/2020)}
}

@misc{ESP32and86:online,
author = {},
title = {ESP32 and microSD card example | ESP32 Learning},
howpublished = {\url{http://www.esp32learning.com/code/esp32-and-microsd-card-example.php}},
month = {},
year = {},
note = {(Accessed on 01/13/2020)}
}

@misc{Beginner65:online,
author = {},
title = {Beginner's Guide to IMU | Robotics Club},
howpublished = {\url{http://students.iitk.ac.in/roboclub/2017/12/21/Beginners-Guide-to-IMU.html}},
month = {},
year = {},
note = {(Accessed on 01/13/2020)}
}

@misc{javaHowd79:online,
author = {},
title = {java - How do I calculate the difference of two angle measures? - Stack Overflow},
howpublished = {\url{https://stackoverflow.com/questions/7570808/how-do-i-calculate-the-difference-of-two-angle-measures/30887154}},
month = {},
year = {},
note = {(Accessed on 01/13/2020)}
}